@article{dimentbergProbabilityDensityExcursions2007a,
  title = {Probability {{Density}} and {{Excursions}} of {{Structural Response}} to {{Imperfectly Periodic Excitation}}},
  author = {Dimentberg, M. F. and Mo, E. and Naess, A.},
  year = {2007},
  month = sep,
  journal = {Journal of Engineering Mechanics},
  volume = {133},
  number = {9},
  pages = {1037--1041},
  issn = {0733-9399, 1943-7889},
  doi = {10.1061/(ASCE)0733-9399(2007)133:9(1037)},
  url = {https://ascelibrary.org/doi/10.1061/%28ASCE%290733-9399%282007%29133%3A9%281037%29},
  langid = {english}
}

@article{eugeneRelationOrdinaryStochastic1965,
  title = {On the Relation between Ordinary and Stochastic Differential Equations},
  author = {Eugene, Wong and Moshe, Zakai},
  year = {1965},
  month = jul,
  journal = {International Journal of Engineering Science},
  volume = {3},
  number = {2},
  pages = {213--229},
  issn = {00207225},
  doi = {10.1016/0020-7225(65)90045-5},
  url = {https://linkinghub.elsevier.com/retrieve/pii/0020722565900455},
  langid = {english}
}

@article{huangStochasticAveragingStrongly2000a,
  title = {Stochastic {{Averaging}} of {{Strongly Non-Linear Oscillators Under Combined Harmonic}} and {{White-Noise Excitations}}},
  author = {Huang, Z.L. and Zhu, W.Q. and Suzuki, Y.},
  year = {2000},
  month = nov,
  journal = {Journal of Sound and Vibration},
  volume = {238},
  number = {2},
  pages = {233--256},
  issn = {0022460X},
  doi = {10.1006/jsvi.2000.3083},
  url = {https://linkinghub.elsevier.com/retrieve/pii/S0022460X00930839},
  langid = {english}
}

@article{huangStochasticAveragingStrongly2002a,
  title = {Stochastic {{Averaging}} of {{Strongly Non-Linear Oscillators Under Bounded Noise Excitation}}},
  author = {Huang, Z.L. and Zhu, W.Q. and Ni, Y.Q. and Ko, J.M.},
  year = {2002},
  month = jul,
  journal = {Journal of Sound and Vibration},
  volume = {254},
  number = {2},
  pages = {245--267},
  issn = {0022460X},
  doi = {10.1006/jsvi.2001.4093},
  url = {https://linkinghub.elsevier.com/retrieve/pii/S0022460X01940933},
  langid = {english}
}

@article{huStationaryResponseStrongly2012a,
  title = {Stationary Response of Strongly Non-Linear Oscillator with Fractional Derivative Damping under Bounded Noise Excitation},
  author = {Hu, F. and Chen, L.C. and Zhu, W.Q.},
  year = {2012},
  month = dec,
  journal = {International Journal of Non-Linear Mechanics},
  volume = {47},
  number = {10},
  pages = {1081--1087},
  issn = {00207462},
  doi = {10.1016/j.ijnonlinmec.2011.09.012},
  url = {https://linkinghub.elsevier.com/retrieve/pii/S0020746211002204},
  langid = {english}
}

@article{khasminskiiLimitTheoremSolutions1966a,
  title = {A {{Limit Theorem}} for the {{Solutions}} of {{Differential Equations}} with {{Random Right-Hand Sides}}},
  author = {Khas'minskii, R. Z.},
  year = {1966},
  month = jan,
  journal = {Theory of Probability \& Its Applications},
  volume = {11},
  number = {3},
  pages = {390--406},
  issn = {0040-585X, 1095-7219},
  doi = {10.1137/1111038},
  url = {http://epubs.siam.org/doi/10.1137/1111038},
  langid = {english}
}

@article{naessEfficientPathIntegration2000a,
  title = {Efficient Path Integration Methods for Nonlinear Dynamic Systems},
  author = {Naess, A and Moe, V},
  year = {2000},
  month = apr,
  journal = {Probabilistic Engineering Mechanics},
  volume = {15},
  number = {2},
  pages = {221--231},
  issn = {02668920},
  doi = {10.1016/S0266-8920(99)00031-4},
  url = {https://linkinghub.elsevier.com/retrieve/pii/S0266892099000314},
  langid = {english}
}

@article{robertsStochasticAveragingApproximate1986a,
  title = {Stochastic Averaging: {{An}} Approximate Method of Solving Random Vibration Problems},
  shorttitle = {Stochastic Averaging},
  author = {Roberts, J.B. and Spanos, P.D.},
  year = {1986},
  month = jan,
  journal = {International Journal of Non-Linear Mechanics},
  volume = {21},
  number = {2},
  pages = {111--134},
  issn = {00207462},
  doi = {10.1016/0020-7462(86)90025-9},
  url = {https://linkinghub.elsevier.com/retrieve/pii/0020746286900259},
  langid = {english}
}

@article{wuStochasticAveragingStrongly2008a,
  title = {Stochastic {{Averaging}} of {{Strongly Nonlinear Oscillators Under Combined Harmonic}} and {{Wide-Band Noise Excitations}}},
  author = {Wu, Y. J. and Zhu, W. Q.},
  year = {2008},
  month = oct,
  journal = {Journal of Vibration and Acoustics},
  volume = {130},
  number = {5},
  pages = {051004},
  issn = {1048-9002, 1528-8927},
  doi = {10.1115/1.2948382},
  url = {https://asmedigitalcollection.asme.org/vibrationacoustics/article/doi/10.1115/1.2948382/438835/Stochastic-Averaging-of-Strongly-Nonlinear},
  langid = {english}
}
