@article{manevitch,
  author       = {Manevitch, Leonid I.},
  title	       = {Complex Representation of Dynamics of Coupled
                  Nonlinear Oscillators},
  journal      = {Mathematical Models of Non-Linear Excitations,
                  Transfer, Dynamics, and Control in Condensed Systems
                  and Other Media},
  year	       = 1999,
  pages	       = {269â€“300},
  doi	       = {10.1007/978-1-4615-4799-0_24},
  url	       = {http://dx.doi.org/10.1007/978-1-4615-4799-0_24},
  ISBN	       = 9781461547990,
  publisher    = {Springer US}
}